<mx:record xmlns="http://www.w3.org/TR/xhtml1/strict" xmlns:mx="http://www.loc.gov/MARC21/slim" xmlns:xsi="http://www.w3.org/2001/XMLSchema-instance"><mx:leader>00000cz   2200000n  4500</mx:leader><mx:controlfield tag="001">oca00958200 </mx:controlfield><mx:controlfield tag="005">20070630071439.0</mx:controlfield><mx:controlfield tag="008">830719n| acannaabn          |a aaa     c</mx:controlfield><mx:datafield ind1=" " ind2=" " tag="010"><mx:subfield code="a">n  83122548</mx:subfield></mx:datafield><mx:datafield ind1=" " ind2=" " tag="040"><mx:subfield code="a">InU</mx:subfield><mx:subfield code="b">eng</mx:subfield><mx:subfield code="c">DLC</mx:subfield><mx:subfield code="d">DLC</mx:subfield><mx:subfield code="d">IEN</mx:subfield></mx:datafield><mx:datafield ind1="0" ind2=" " tag="100"><mx:subfield code="a">Soranus,</mx:subfield><mx:subfield code="c">of Ephesus</mx:subfield></mx:datafield><mx:datafield ind1="0" ind2=" " tag="400"><mx:subfield code="a">Sōranos,</mx:subfield><mx:subfield code="c">of Ephesus</mx:subfield></mx:datafield><mx:datafield ind1="1" ind2=" " tag="400"><mx:subfield code="a">Ephesus, Soranus of</mx:subfield></mx:datafield><mx:datafield ind1="0" ind2=" " tag="400"><mx:subfield code="a">Soranos,</mx:subfield><mx:subfield code="c">d&amp;#039;Ephèse</mx:subfield></mx:datafield><mx:datafield ind1=" " ind2=" " tag="670"><mx:subfield code="a">Rufus, of Ephesus. Peri tōn en kystei kai nephrois pathōn, 1554 (a.e.)</mx:subfield><mx:subfield code="b">t.p. (Sōranou ...; Sorani ...)</mx:subfield></mx:datafield><mx:datafield ind1=" " ind2=" " tag="670"><mx:subfield code="a">Dict. of scientific biog., 1975</mx:subfield><mx:subfield code="b">(Soranus, of Ephesus, fl. 2nd cent.)</mx:subfield></mx:datafield><mx:datafield ind1=" " ind2=" " tag="670"><mx:subfield code="a">Enc. Brit., 1983</mx:subfield><mx:subfield code="b">(Soranus of Ephesus, fl. 2nd cent.)</mx:subfield></mx:datafield><mx:datafield ind1=" " ind2=" " tag="670"><mx:subfield code="a">LC manual auth. cd.</mx:subfield><mx:subfield code="b">(hdg.: Soranus, of Ephesus)</mx:subfield></mx:datafield><mx:datafield ind1=" " ind2=" " tag="670"><mx:subfield code="a">His Maladies des femmes, 1988- :</mx:subfield><mx:subfield code="b">v. 1, t.p. (Soranos d&amp;#039;Ephèse)</mx:subfield></mx:datafield><mx:datafield ind1=" " ind2=" " tag="999"><mx:subfield code="a">4604</mx:subfield></mx:datafield></mx:record>